<record><leader>00000cas a22000007a 4500</leader><controlfield tag="001">9342230</controlfield><controlfield tag="008">830324d18491855mnuwr ne      0    0eng d</controlfield><controlfield tag="009">3770</controlfield><datafield ind1=" " ind2=" " tag="010"><subfield code="a">sn 83025241 </subfield></datafield><datafield ind1=" " ind2=" " tag="040"><subfield code="a">NPV</subfield><subfield code="b">eng</subfield><subfield code="c">NPV</subfield><subfield code="d">DLC</subfield><subfield code="d">NPX</subfield><subfield code="d">MN#</subfield><subfield code="d">OCL</subfield><subfield code="d">KRTAS</subfield><subfield code="d">OCLCF</subfield><subfield code="d">OCLCO</subfield></datafield><datafield ind1=" " ind2=" " tag="042"><subfield code="a">msc</subfield></datafield><datafield ind1=" " ind2=" " tag="043"><subfield code="a">n-us-mn</subfield></datafield><datafield ind1=" " ind2=" " tag="045"><subfield code="a">w4w5</subfield></datafield><datafield ind1="0" ind2="0" tag="050"><subfield code="a">Newspaper 8445-X</subfield></datafield><datafield ind1=" " ind2=" " tag="052"><subfield code="a">4143</subfield><subfield code="b">R2</subfield></datafield><datafield ind1=" " ind2=" " tag="052"><subfield code="a">4144</subfield><subfield code="b">S4</subfield></datafield><datafield ind1="0" ind2="4" tag="245"><subfield code="a">The Minnesota pioneer.</subfield></datafield><datafield ind1=" " ind2=" " tag="260"><subfield code="a">St. Paul, Minn. Territory :</subfield><subfield code="b">James M. Goodhue,</subfield><subfield code="c">1849-</subfield></datafield><datafield ind1=" " ind2=" " tag="300"><subfield code="a">v.</subfield></datafield><datafield ind1=" " ind2=" " tag="310"><subfield code="a">Weekly</subfield></datafield><datafield ind1="0" ind2=" " tag="362"><subfield code="a">Vol. 1, no. 1 (Apr. 28, 1849)-</subfield></datafield><datafield ind1="1" ind2=" " tag="362"><subfield code="a">Ceased with Nov. 1, 1855, issue.</subfield></datafield><datafield ind1=" " ind2=" " tag="500"><subfield code="a">Editor: J.M. Goodhue.</subfield></datafield><datafield ind1=" " ind2=" " tag="530"><subfield code="a">Available on microfilm from the Minnesota Historical Society.</subfield></datafield><datafield ind1=" " ind2="0" tag="651"><subfield code="a">Saint Paul (Minn.)</subfield><subfield code="v">Newspapers.</subfield></datafield><datafield ind1=" " ind2="7" tag="655"><subfield code="a">Newspapers.</subfield><subfield code="2">fast</subfield><subfield code="0">(OCoLC)fst01423814</subfield></datafield><datafield ind1=" " ind2="7" tag="651"><subfield code="a">Minnesota</subfield><subfield code="z">Saint Paul.</subfield><subfield code="2">fast</subfield><subfield code="0">(OCoLC)fst01212130</subfield></datafield><datafield ind1="1" ind2=" " tag="700"><subfield code="a">Goodhue, James Madison,</subfield><subfield code="d">1810-1852.</subfield></datafield><datafield ind1=" " ind2=" " tag="752"><subfield code="a">United States</subfield><subfield code="b">Minnesota</subfield><subfield code="c">Ramsey</subfield><subfield code="d">Saint Paul.</subfield></datafield><datafield ind1="0" ind2=" " tag="775"><subfield code="t">Daily Minnesota pioneer</subfield><subfield code="w">(DLC)sn 84035804</subfield></datafield><datafield ind1="0" ind2="7" tag="785"><subfield code="t">Minnesota Democrat (Saint Paul, Minn. : 1850)</subfield><subfield code="w">(DLC)sn 83016839</subfield></datafield><datafield ind1="0" ind2="7" tag="785"><subfield code="t">Weekly pioneer and Democrat</subfield><subfield code="w">(DLC)sn 83016751</subfield></datafield><datafield ind1=" " ind2=" " tag="938"><subfield code="a">Kirtas Technologies, Inc.</subfield><subfield code="b">KRTS</subfield><subfield code="n">736321</subfield></datafield></record>